<record xmlns:xsi="http://www.w3.org/2001/XMLSchema-instance" xmlns="http://www.loc.gov/MARC21/slim" xsi:schemaLocation="http://www.loc.gov/MARC21/slim http://www.loc.gov/standards/marcxml/schema/MARC21slim.xsd">

  <leader>00418nam a2200145Ia 4500</leader>
  <datafield ind2=" " ind1=" " tag="999">
    <subfield code="c">1838</subfield>
    <subfield code="d">1838</subfield>
  </datafield>
  <controlfield tag="008">180427bs       m  ||||| |||| 00| | spa d</controlfield>
  <datafield tag="090" ind2=" " ind1=" ">
    <subfield code="a">06.03.06 </subfield>
    <subfield code="b">873</subfield>
  </datafield>
  <datafield ind1="2" ind2=" " tag="110">
    <subfield code="a">Red Universitaria de Evaluación de la Calidad</subfield>
    <subfield code="9">3625</subfield>
  </datafield>
  <datafield ind1="1" ind2="0" tag="245">
    <subfield code="a">Evaluación de la calidad de la educación superior</subfield>
  </datafield>
  <datafield tag="260" ind1=" " ind2=" ">
    <subfield code="a">México : </subfield>
    <subfield code="b">RUECA, </subfield>
    <subfield code="c">199? </subfield>
  </datafield>
  <datafield tag="300" ind2=" " ind1=" ">
    <subfield code="a">paginación irregular</subfield>
  </datafield>
  <datafield tag="650" ind2="4" ind1="1">
    <subfield code="a">EDUCACIÓN SUPERIOR</subfield>
    <subfield code="9">8</subfield>
  </datafield>
  <datafield ind2="4" ind1="1" tag="650">
    <subfield code="a">CALIDAD DE LA EDUCACIÓN</subfield>
    <subfield code="9">11</subfield>
  </datafield>
  <datafield ind2="4" ind1="1" tag="650">
    <subfield code="a">EVALUACIÓN </subfield>
    <subfield code="9">287</subfield>
  </datafield>
  <datafield ind1="1" ind2="4" tag="650">
    <subfield code="a">GUÍA</subfield>
    <subfield code="9">1822</subfield>
  </datafield>
  <datafield ind1=" " ind2=" " tag="942">
    <subfield code="2">z</subfield>
    <subfield code="c">01</subfield>
  </datafield>
</record>